@article{Berber2000,
	title = {Unusually High Thermal Conductivity of Carbon Nanotubes},
	author = {Berber, Savas and Kwon, Young-Kyun and Tom\'anek, David},
	journal = {Phys. Rev. Lett.},
	volume = {84},
	issue = {20},
	pages = {4613--4616},
	year = {2000},
	month = {May},
	publisher = {American Physical Society},
	doi = {10.1103/PhysRevLett.84.4613},
	url = {http://link.aps.org/doi/10.1103/PhysRevLett.84.4613}
}
@article{Berta2012,
 	author={Zachory K. Berta and David Charbonneau and Jean-Michel Désert and 
		Eliza Miller-Ricci Kempton and Peter R. McCullough and 
		Christopher J. Burke and Jonathan J. Fortney and Jonathan Irwin and 
		Philip Nutzman and Derek Homeier},
 	title={The Flat Transmission Spectrum of the Super-Earth GJ1214b from Wide
	 	Field Camera 3 on the Hubble Space Telescope},
	journal={The Astrophysical Journal},
	volume={747},
	number={1},
	pages={35},
 	url={http://stacks.iop.org/0004-637X/747/i=1/a=35},
	year={2012}
}
@article{Donlon2012,
 	title={The global monitoring for environment and security (GMES) sentinel-3 
		mission},
		author={Donlon, Craig and Berruti, B and Buongiorno, A and 
		Ferreira, M-H and F{\'e}m{\'e}nias, P and Frerick, J and Goryl, P and 
		Klein, U and Laur, H and Mavrocordatos, C and others},
	journal={Remote Sensing of Environment},
	volume={120},
	pages={37--57},
	year={2012},
	publisher={Elsevier}
}
@misc{Flare2016,
	title = {The {FLARE} mission},
	howpublished = {\url{http://mission.lam.fr/flare/index.html}}
}
@article{Glauser2013,
	title={Characterizing exoplanets in the visible and infrared: A spectrometer 
		concept for the {EChO} Space Mission},
	author={Glauser, AM and Van Boekel, R and Krause, O and Henning, Th and 
		Benneke, B and Bouwman, J and Cubillos, PE and Crossfield, IJM and 
		Detre, {\"O}H and Ebert, M and others},
	journal={Journal of Astronomical Instrumentation},
	volume={2},
	number={01},
	pages={1350004},
	year={2013},
	publisher={World Scientific}
}
@techreport{ISO12233,
type = {Standard},
key = {ISO 12233:2014},
year = {2014},
title = {{ISO} 12233:2014: {P}hotography -- Electronic still picture imaging -- Resolution and spatial frequency responses},
volume = {2014},
address = {Geneva, CH},
institution = {International Organization for Standardization}
}
@inbook{Marquardt2002,
	author = {Marquardt, E. D. and Le, J. P. and Radebaugh, R.},
	chapter = {{Cryogenic Material Properties Database}},
	title = {Cryocoolers 11},
	year = {2002},
	publisher = {Springer US},
	address = {Boston, MA},
	pages = {681--687},
	isbn = {978-0-306-47112-4},
	doi = {10.1007/0-306-47112-4_84},
	url = {http://dx.doi.org/10.1007/0-306-47112-4_84}
}
@article{Mizuno09,
	author = {Mizuno, Kohei and Ishii, Juntaro and Kishida, Hideo and 
		Hayamizu, Yuhei and Yasuda, Satoshi and Futaba, Don N. and 
		Yumura, Motoo and Hata, Kenji}, 
	title = {A black body absorber from vertically aligned single-walled carbon 
		nanotubes},
	volume = {106}, 
	number = {15}, 
	pages = {6044--6047}, 
	year = {2009}, 
	doi = {10.1073/pnas.0900155106}, 
	URL = {http://www.pnas.org/content/106/15/6044.abstract},  
	journal = {Proceedings of the National Academy of Sciences} 
}
@misc{NASAexoplanet,
	title = {{NASA} {E}xoplanet {A}rchive},
	howpublished = {\url{http://exoplanetarchive.ipac.caltech.edu/}},
	note = {Accessed: May 2016}
}
@article{Perryman2014,
  author={M. Perryman and J. Hartman and G. {\'{A}}. Bakos and L. Lindegren},
  title={Astrometric Exoplanet Detection with \textit{{G}aia}},
  journal={The Astrophysical Journal},
  volume={797},
  number={1},
  pages={14},
  url={http://stacks.iop.org/0004-637X/797/i=1/a=14},
  year={2014}
}
@book{Shackelford2015,
	title={{CRC} materials science and engineering handbook},
	author={Shackelford, James F and Han, Young-Hwan and Kim, Sukyoung and 
		Kwon, Se-Hun},
	year={2015},
	publisher={CRC press}
}
@article{Sonnabend2008,
	title = {Ultra high spectral resolution observations of planetary atmospheres 
		using the Cologne tuneable heterodyne infrared spectrometer},
	author = {G. Sonnabend and M. Sornig and P. Krötz and D. Stupar and 
		R. Schieder},
	journal = {Journal of Quantitative Spectroscopy and Radiative Transfer },
	volume = {109},
	number = {6},
	pages = {1016 - 1029},
	year = {2008},
	note = {Spectroscopy and Radiative Transfer in Planetary Atmospheres },
	issn = {0022-4073},
	doi = {http://dx.doi.org/10.1016/j.jqsrt.2007.12.003},
	url = {http://www.sciencedirect.com/science/article/pii/S0022407307003470}	
}
@article{Theocharous06, 
	author = {E. Theocharous and R. Deshpande and A. C. Dillon and J. Lehman}, 
	journal = {Appl. Opt.}, 
	number = {6}, 
	pages = {1093--1097}, 
	publisher = {OSA},
	title = {Evaluation of a pyroelectric detector with a carbon multiwalled 
		anotube black coating in the infrared}, 
	volume = {45}, 
	month = {Feb},
	year = {2006},
	url = {http://ao.osa.org/abstract.cfm?URI=ao-45-6-1093},
	doi = {10.1364/AO.45.001093}
}


@article{Theocharous14, 
	author = {Evangelos Theocharous and Christopher J. Chunnilall and 
		Ryan Mole and David Gibbs and Nigel Fox and Naigui Shang and 
		Guy Howlett and Ben Jensen and Rosie Taylor and Juan R. Reveles and 
		Oliver B. Harris and Naseer Ahmed}, 
	journal = {Opt. Express}, 
	number = {6}, 
	pages = {7290--7307}, 
	publisher = {OSA},
	title = {The partial space qualification of a vertically aligned carbon 
		nanotube coating on aluminium substrates for EO applications}, 
	volume = {22},
	year = {2014},
	url = {http://www.opticsexpress.org/abstract.cfm?URI=oe-22-6-7290},
	doi = {10.1364/OE.22.007290}
}
@article{Tinetti2013,
author= {G. Tinetti and T. Encrenaz and A. Coustenis},
	title= {Spectroscopy of planetary atmospheres in our Galaxy},
	journal= {The Astronomy and Astrophysics Review},
	year= {2013},
	volume= {21},
	number= {1},
	pages= {1--65},
	issn= {1432-0754},
	doi= {10.1007/s00159-013-0063-6},
	url= {http://dx.doi.org/10.1007/s00159-013-0063-6}
}

@misc{Tinetti2015,
	title = {The {ARIEL} Mission Proposal},
	author = {G. Tinetti},
	year = {2015},
	howpublished = 
		{Available at: 
		\url{http://sci.esa.int/science-e/www/object/doc.cfm?fobjectid=56561}}
}

