@article{Castillo2017,
	author = {E. Castillo-Dominguez and P. A. R Ade and P. S. Barry and 
		T. L. R. Brien and S. M. Doyle and D. Ferrusca and V. Gomez-Rivera and 
		P. Hargrave and A. L. Hornsby and D. Hughes and P. Mauskopf and 
		P. Moseley and E. Pascale and A. Perez-Fajardo and G. Pisano and 
		S. Rowe and C. Tucker and M. Velazquez},
	title = {{MUSCAT}: {M}exico {UK} {S}ub-millimeter {C}amera for 
		{A}s{T}ronomy},
	journal = {J. Low Temp. Phys.},
	volume = {This Special Issue},
	year = {2017}
}
@article{London1962,
	title={Osmotic pressure of {H}e 3 in liquid {H}e 4, with proposals for a 
	refrigerator to work below 1 {K}},
	author={London, H. and Clarke, G.R. and Mendoza, E.},
	journal={Physical Review},
	volume={128},
	number={5},
	year={1962},
	publisher={APS}
}
@inproceedings{Das1965,
	author = {Das, P. and de Ouboter, R. Bruyn and Taconis, K. W.},
	title = {A Realization of a London-Clarke-Mendoza Type Refrigerator},
	booktitle = {Low Temperature Physics LT9: Proceedings of the IXth 
		International Conference on Low Temperature Physics Columbus, Ohio, 
		August 31 -- September 4, 1964},	
	year = {1965},
	publisher = {Springer US},
	pages = {1253--1255},
	doi = {10.1007/978-1-4899-6443-4_133},
	url = {https://doi.org/10.1007/978-1-4899-6443-4_133}
}
@article{klemencic2016,
	author = {G. M. Klemencic and P. A. R. Ade and S. Chase and R. Sudiwala and
				 A. L. Woodcraft},
	title = {A continuous dry 300 mK cooler for THz sensing applications},
	journal = {Review of Scientific Instruments},
	volume = {87},
	number = {4},
	pages = {045107},
	year = {2016},
	doi = {10.1063/1.4945691},
	URL = {http://dx.doi.org/10.1063/1.4945691}
}
@article{Bintley2007,
	title = {Millikelvin thermal conductance measurements of compact rigid
		thermal isolation joints using sapphire--sapphire contacts, and of copper 
		and beryllium--copper demountable thermal contacts},
	author = {Bintley, D. and Woodcraft, A. L. and Gannaway, F. C.},
	journal = {Cryogenics},
	volume = {47},
	number = {5},
	pages = {333--342},
	year = {2007}
}
