@inproceedings{Audley2012,
	author = {Audley, M. D. and de Lange, G. and Gao, J.-R. and 
		Khosropanah, P. and Ridder, M. and Ferrari, L. and Laauwen, W. M. and 
		Ranjan, M. and Mauskopf, P. D. and Morozov, D. and Trappe, N. A.},
	title = {Measurements of the optical performance of bolometers for 
		SPICA/SAFARI},
	booktitle = {Proc. SPIE},
	volume = {8452},
	number = {},
	pages = {84520B-84520B-12},
	year = {2012},
}
@article{Brien2014,
	author = {Brien, T. L. R. and Ade, P. A. R. and Barry, P. S. and 
		Dunscombe, C. and Leadley, D. R. and Morozov, D. V. and Myronov, M. and 
		Parker, E. H. C. and Prest, M. J. and Prunnila, M. and Sudiwala, R. V. and 
		Whall, T. E. and Mauskopf, P. D.},
	title = {A strained silicon cold electron bolometer using Schottky contacts},
	journal = {Applied Physics Letters},
	year = {2014},
	volume = {105},
	number = {4}, 
	url = {http://scitation.aip.org/content/aip/journal/apl/105/4/10.1063/1.4892069}
}
@article{Focardi2005, 
	author={Focardi, P. and McGrath, William R. and Neto, A.}, 
	journal={Microwave Theory and Techniques, IEEE Transactions on}, 
	title={Design guidelines for terahertz mixers and detectors}, 
	year={2005}, 
	volume={53}, 
	number={5}, 
	pages={1653--1661},
	url={http://www.ieeexplore.ieee.org/xpl/articleDetails.jsp?arnumber=1427968}
}
@article{Ganzevles2000,
	author = {Ganzevles, W. F. M. and Swart, L. R. and Gao, J. R. and de Korte, P. A. J. and Klapwijk, T. M.},
	title = {Direct response of twin-slot antenna-coupled hot-electron bolometer mixers designed for 2.5 THz radiation detection},
	journal = {Applied Physics Letters},
	year = {2000},
	volume = {76},
	number = {22}, 
	pages = {3304--3306},
	url = {http://scitation.aip.org/content/aip/journal/apl/76/22/10.1063/1.126614}
}
@article{Golubev2001,
	author = {Golubev, D. and Kuzmin, L. S.},
	title = {Nonequilibrium theory of a hot-electron bolometer with normal metal-insulator-superconductor tunnel junction},
	journal = {Journal of Applied Physics},
	year = {2001},
	volume = {89},
	number = {11}, 
	pages = {6464--6472},
	url = {http://scitation.aip.org/content/aip/journal/jap/89/11/10.1063/1.1351002}
}
@article{Holland2013,
	author = {Holland, W. S. and Bintley, D. and Chapin, E. L. and 
		Chrysostomou, A. and Davis, G. R. and Dempsey, J. T. and Duncan, W. D. and 
		Fich, M. and Friberg, P. and Halpern, M. and Irwin, K. D. and 
		Jenness, T. and Kelly, B. D. and MacIntosh, M. J. and Robson, E. I. and 
		Scott, D. and Ade, P. A. R. and Atad-Ettedgui, E. and Berry, D. S. and 
		Craig, S. C. and Gao, X. and Gibb, A. G. and Hilton, G. C. and 
		Hollister, M. I. and Kycia, J. B. and Lunney, D. W. and McGregor, H. and 
		Montgomery, D. and Parkes, W. and Tilanus, R. P. J. and Ullom, J. N. and 
		Walther, C. A. and Walton, A. J. and Woodcraft, A. L. and Amiri, M. and 
		Atkinson, D. and Burger, B. and Chuter, T. and Coulson, I. M. and 
		Doriese, W. B. and Dunare, C. and Economou, F. and Niemack, M. D. and 
		Parsons, H. A. L. and Reintsema, C. D. and Sibthorpe, B. and Smail, I. and 
		Sudiwala, R. and Thomas, H. S.}, 
	title = {SCUBA-2: the 10 000 pixel bolometer camera on the James Clerk 
		Maxwell Telescope},
	volume = {430}, 
	number = {4}, 
	pages = {2513--2533}, 
	year = {2013}, 
	journal = {Monthly Notices of the Royal Astronomical Society} 
}
@inproceedings{Kuzmin1998,
	author = {Kuzmin, Leonid S. and Devyatov, Igor A. and Golubev, D.},
	title = {Cold-electron bolometer with electronic microrefrigeration and general noise analysis},
	booktitle = {Proc. SPIE},
	volume = {3465},
	pages = {193--199},
	year = {1998}
}
@inproceedings{Kuzmin2004, 
	author={Kuzmin, L. S.}, 
	booktitle={Infrared and Millimeter Waves, 2004 and 12th International Conference on Terahertz Electronics, 2004. Conference Digest of the 2004 Joint 29th International Conference on}, 
	title={Ultimate cold-electron bolometer for THz applications}, 
	year={2004}, 
	pages={239--240}
}
@article{Leoni1999,
	author = {R. Leoni},
	title = {On-chip micro-refrigerators for sub-Kelvin cooling },
	journal = {New Astronomy Reviews },
	volume = {43},
	number = {2--4},
	pages = {317--327},
	year = {1999},
	url = {http://www.sciencedirect.com/science/article/pii/S138764739900024X}
}
@article{Mauskopf1997, 
	author = {Mauskopf, P. D. and Bock, J. J. and Del Castillo, H. and 
		Holzapfel, W. L. and Lange, A. E.}, 
	journal = {Appl. Opt.},
	number = {4}, 
	pages = {765--771}, 
	publisher = {OSA},
	title = {Composite infrared bolometers with Si3N4 micromesh absorbers}, 
	volume = {36}, 
	year = {1997},
	url = {http://ao.osa.org/abstract.cfm?URI=ao-36-4-765}
}
@article{Nahum1993, 
	author={Nahum, M. and Richards, P. L. and Mears, C. A.}, 
	journal={Applied Superconductivity, IEEE Transactions on}, 
	title={Design analysis of a novel hot-electron microbolometer}, 
	year={1993},  
	volume={3}, 
	number={1}, 
	pages={2124--2127}, 
}
@article{Nahum1994,
	author = {Nahum, M. and Eiles, T. M. and Martinis, John M.},
	title = {Electronic microrefrigerator based on a normal-insulator-superconductor tunnel junction},
	journal = {Applied Physics Letters},
	year = {1994},
	volume = {65},
	number = {24},
	pages = {3123--3125},
	url = {http://scitation.aip.org/content/aip/journal/apl/65/24/10.1063/1.112456}
}
@article{Otto2013,
	author={Otto, E. and Tarasov, M. and Grimes, P. K. and Chekushkin A. and 
		Kuzmin, L. S. and Yassin, G.},
	title={Optical response of a titanium-based cold-electron bolometer},
	year={2013},
	journal={Superconductor Science and Technology},
	volume={26},
	number={8},
	pages={085020},
	url={http://stacks.iop.org/0953-2048/26/i=8/a=085020}, 
}

@article{Salatino2014,
	author = {Salatino, M. and de Bernardis, P. and Kuzmin, L.S. and 
		Mahashabde, S. and Masi, S.},
	year = {2014},
	journal = {Journal of Low Temperature Physics},
	volume = {176},
	number = {3--4},
	title = {Sensitivity to Cosmic Rays of Cold Electron Bolometers for Space 
		Applications},
	url = {http://dx.doi.org/10.1007/s10909-013-1057-5},
	publisher = {Springer US},
	keywords = {Bolometers; Cold electrons; Cosmic rays; Space instrumentation},
	pages = {323--330}
}
@article{Savin2001,
	author = {Savin, A. M. and Prunnila, M. and Kivinen, P. P. and Pekola, J. P. and Ahopelto, J. and Manninen, A. J.},
	title = {Efficient electronic cooling in heavily doped silicon by quasiparticle tunneling},
	journal = {Applied Physics Letters},
	year = {2001},
	volume = {79},
	number = {10},
	pages = {1471--1473},
	url = {http://scitation.aip.org/content/aip/journal/apl/79/10/10.1063/1.1399313},
}

