@article{Prest11,
author = {M. J. Prest and J. T. Muhonen and M. Prunnila and D. Gunnarsson and V. A. Shah and J. S. Richardson-Bullock and A. Dobbie and M. Myronov and R. J. H. Morris and T. E. Whall and E. H. C. Parker and D. R. Leadley},
collaboration = {},
title = {Strain enhanced electron cooling in a degenerately doped semiconductor},
publisher = {AIP},
year = {2011},
journal = {Applied Physics Letters},
volume = {99},
number = {25},
eid = {251908},
numpages = {4},
pages = {251908},
keywords = {cooling; degenerate semiconductors; electron-phonon interactions; elemental semiconductors; refrigerators; silicon; superconducting junction devices; superconductor-semiconductor boundaries},
url = {http://link.aip.org/link/?APL/99/251908/1},
doi = {10.1063/1.3670330}
}

@article{Pekola05,
author = {Jukka Pekola},
year = {2005},
title = {Tunnelling into the chill},
publisher = {Nature Publishing Group},
journal = {Nature},
volume = {435},
pages = {289-490},
url = {http://www.nature.com/nature/journal/v435/n7044/full/435889a.html}
}

@article{Nahum94,
author = {M. Nahum and T. M. Eiles and John M. Martinis},
collaboration = {},
title = {Electronic microrefrigerator based on a normal-insulator-superconductor tunnel junction},
publisher = {AIP},
year = {1994},
journal = {Applied Physics Letters},
volume = {65},
number = {24},
pages = {3123-3125},
keywords = {SUPERCONDUCTING JUNCTIONS; SUPERCONDUCTING DEVICES; REFRIGERATORS; ELECTRONIC STRUCTURE; TUNNELING; ELECTRON TEMPERATURE; FERMI LEVEL; ELECTRONPHONON COUPLING; DISTRIBUTION FUNCTIONS; FERMI STATISTICS; NONEQUILIBRIUM},
url = {http://link.aip.org/link/?APL/65/3123/1},
doi = {10.1063/1.112456}
}

@article{Leivo96,
author = {M. M. Leivo and J. P. Pekola and D. V. Averin},
collaboration = {},
title = {Efficient Peltier refrigeration by a pair of normal metal/insulator/superconductor junctions},
publisher = {AIP},
year = {1996},
journal = {Applied Physics Letters},
volume = {68},
number = {14},
pages = {1996-1998},
keywords = {DESIGN; PELTIER EFFECT; REFRIGERATORS; SUPERCONDUCTING DEVICES; SUPERCONDUCTING JUNCTIONS},
url = {http://link.aip.org/link/?APL/68/1996/1},
doi = {10.1063/1.115651}
}


@article{Pekola04,
  title = {Limitations in Cooling Electrons using Normal-Metal-Superconductor Tunnel Junctions},
  author = {Pekola, J. P. and Heikkil\"a, T. T. and Savin, A. M. and Flyktman, J. T. and Giazotto, F. and Hekking, F. W. J.},
  journal = {Phys. Rev. Lett.},
  volume = {92},
  issue = {5},
  pages = {056804},
  numpages = {4},
  year = {2004},
  month = {Feb},
  doi = {10.1103/PhysRevLett.92.056804},
  url = {http://link.aps.org/doi/10.1103/PhysRevLett.92.056804},
  publisher = {American Physical Society}
}

@article{Savin01,
author = {A. M. Savin and M. Prunnila and P. P. Kivinen and J. P. Pekola and J. Ahopelto and A. J. Manninen},
collaboration = {},
title = {Efficient electronic cooling in heavily doped silicon by quasiparticle tunneling},
publisher = {AIP},
year = {2001},
journal = {Applied Physics Letters},
volume = {79},
number = {10},
pages = {1471-1473},
keywords = {silicon; elemental semiconductors; heavily doped semiconductors; quasiparticles; tunnelling; cooling; superconductor-semiconductor boundaries; Schottky effect; silicon-on-insulator; silicon compounds; aluminium; type I superconductors; superconducting junction devices; superconductive tunnelling},
url = {http://link.aip.org/link/?APL/79/1471/1},
doi = {10.1063/1.1399313}
}

@article{Mauskopf97, 
author = {P. D. Mauskopf and J. J. Bock and H. Del Castillo and W. L. Holzapfel and A. E. Lange}, 
journal = {Appl. Opt.}, 
keywords = {},
number = {4}, 
pages = {765--771}, 
publisher = {OSA},
title = {Composite infrared bolometers with Si3N4 micromesh absorbers}, 
volume = {36}, 
month = {Feb},
year = {1997},
url = {http://ao.osa.org/abstract.cfm?URI=ao-36-4-765},
doi = {10.1364/AO.36.000765}
}

@INPROCEEDINGS{Audley12,
author = {Audley, Michael D. and de Lange, Gert and Gao, Jian-Rong and Khosropanah, Pourya and Ridder, Marcel and Ferrari, Lorenza and Laauwen, Wouter M. and Ranjan, Manisha and Mauskopf, Philip D. and Morozov, Dmitry and Trappe, Neil A.},
title = {Measurements of the optical performance of bolometers for SPICA/SAFARI},
booktitle = {Proc. SPIE 8452},
pages = {84520B-84520B-12},
year = {2012},
doi = {10.1117/12.925234},
URL = {http://dx.doi.org/10.1117/12.925234}
}

@article{Golubev01,
title={Nonequilibrium theory of a hot-electron bolometer with normal metal-insulator-superconductor tunnel junction},
author={Golubev, Dmitri and Kuzmin, Leonid},
journal={Journal of Applied Physics},
volume={89},
number={11},
pages={6464--6472},
year={2001},
publisher={AIP Publishing}
}

@article{Holland13,
author = {Holland, W. S. and Bintley, D. and Chapin, E. L. and Chrysostomou, A.}, 
title = {SCUBA-2: the 10 000 pixel bolometer camera on the James Clerk Maxwell Telescope},
volume = {430}, 
number = {4}, 
pages = {2513-2533}, 
year = {2013}, 
doi = {10.1093/mnras/sts612}, 
URL = {http://mnras.oxfordjournals.org/content/430/4/2513.abstract},  
journal = {Monthly Notices of the Royal Astronomical Society} 
}

@INPROCEEDINGS{Kuzmin98,
author = {Kuzmin, Leonid S. and Devyatov, Igor A. and Golubev, D.},
title = {Cold-electron bolometer with electronic microrefrigeration and general noise analysis},
journal = {Proc. SPIE},
volume = {3465},
number = {},
pages = {193-199},
year = {1998},
doi = {10.1117/12.331165},
URL = { http://dx.doi.org/10.1117/12.331165},
eprint = {}
}

@inproceedings{Kuzmin04, 
author={Kuzmin, Leonid}, 
booktitle={Infrared and Millimeter Waves, 2004 and 12th International Conference on Terahertz Electronics, 2004. Conference Digest of the 2004 Joint 29th International Conference on}, 
title={Ultimate cold-electron bolometer for THz applications}, 
year={2004}, 
month={Sept}, 
pages={239-240},
publisher = {IEEE},
doi={10.1109/ICIMW.2004.1422043},}

@article{Kuzmin06,
  author={Leonid Kuzmin and Phillip Mauskopf and Dmitry Golubev},
  title={Superconducting Cold-Electron Bolometers with JFET Readout for OLIMPO Balloon Telescope},
  journal={Journal of Physics: Conference Series},
  volume={43},
  number={1},
  pages={1298},
  url={http://stacks.iop.org/1742-6596/43/i=1/a=317},
  year={2006}
}

@article{Jackson12, 
author={Jackson, B. D. and De Korte, P. A J and Van der Kuur, J. and Mauskopf, P.D. and Beyer, J. and Bruijn, M.P. and Cros, A. and Gao, J. and Griffin, D. and Den Hartog, R. and Kiviranta, M. and De Lange, G. and van Leeuwen, B. and Macculi, C. and Ravera, L. and Trappe, N. and Van Weers, H. and Withington, S.}, 
journal={Terahertz Science and Technology, IEEE Transactions on}, 
title={The SPICA-SAFARI Detector System: TES Detector Arrays With Frequency-Division Multiplexed SQUID Readout}, 
year={2012}, 
volume={2}, 
number={1}, 
pages={12-21}, 
doi={10.1109/TTHZ.2011.2177705}, 
ISSN={2156-342X}
}

@article{Dynes84,
  title = {Tunneling Study of Superconductivity near the Metal-Insulator Transition},
  author = {Dynes, R. C. and Garno, J. P. and Hertel, G. B. and Orlando, T. P.},
  journal = {Phys. Rev. Lett.},
  volume = {53},
  issue = {25},
  pages = {2437--2440},
  year = {1984},
  month = {Dec},
  doi = {10.1103/PhysRevLett.53.2437},
  url = {http://link.aps.org/doi/10.1103/PhysRevLett.53.2437},
  publisher = {American Physical Society}
}

@article{Moseley84,
author = {S. H. Moseley and J. C. Mather and D. McCammon},
collaboration = {},
title = {Thermal detectors as x-ray spectrometers},
publisher = {AIP},
year = {1984},
journal = {Journal of Applied Physics},
volume = {56},
number = {5},
pages = {1257-1262},
keywords = {XRAY SPECTROMETERS; ENERGY RESOLUTION; XRAY SPECTROSCOPY; NOISE; FLUCTUATIONS; DESIGN; OPERATION; XRAY DETECTION; FLUCTUATIONS; ENERGY LOSSES; BOLOMETERS},
url = {http://link.aip.org/link/?JAP/56/1257/1},
doi = {10.1063/1.334129}
}

@article{Maffei00,
year={2000},
issn={0195-9271},
journal={International Journal of Infrared and Millimeter Waves},
volume={21},
number={12},
doi={10.1023/A:1006784404316},
title={Shaped Corrugated Horns for Cosmic Microwave Background Anisotropy Measurements},
url={http://dx.doi.org/10.1023/A%3A1006784404316},
publisher={Kluwer Academic Publishers-Plenum Publishers},
keywords={anisotropy; Back-to-Back; CMB; corrugated; gaussian; profile},
author={Maffei, B. and Ade, P.A.R. and Tucker, C.E. and Wakui, E. and Wylde, R.J. and Murphy, J.A. and Colgan, R.M.},
pages={2023-2033},
language={English}
}
}

@ARTICLE{Nahum93, 
author={Nahum, M. and Richards, P.L. and Mears, C.A.}, 
journal={Applied Superconductivity, IEEE Transactions on}, 
title={Design analysis of a novel hot-electron microbolometer}, 
year={1993}, 
month={March}, 
volume={3}, 
number={1}, 
pages={2124-2127}, 
doi={10.1109/77.233921}, 
ISSN={1051-8223}
}

@article{Leoni99,
title = "On-chip micro-refrigerators for sub-Kelvin cooling ",
journal = "New Astronomy Reviews ",
volume = "43",
number = "2–4",
pages = "317 - 327",
year = "1999",
note = "",
issn = "1387-6473",
doi = "http://dx.doi.org/10.1016/S1387-6473(99)00024-X",
url = "http://www.sciencedirect.com/science/article/pii/S138764739900024X",
author = "R. Leoni"
}

@article{Doyle08,
year="2008",
issn="0022-2291",
journal="Journal of Low Temperature Physics",
volume="151",
number="1-2",
doi="10.1007/s10909-007-9685-2",
title="Lumped Element Kinetic Inductance Detectors",
url="http://dx.doi.org/10.1007/s10909-007-9685-2",
publisher="Springer US",
keywords="Kinetic Inductance; Lumped Element; 95.55+i",
author="Doyle, S. and Mauskopf, P. and Naylon, J. and Porch, A. and Duncombe, C.",
pages="530-536",
}

@ARTICLE{Morozov11, 
author={Morozov, D. and Mauskopf, P.D. and Ade, P. and Ridder, M. and Khosropanah, P. and Bruijn, M. and Van der Kuur, J. and Hoevers, H. and Gao, J.R. and Griffin, D.}, 
journal={Applied Superconductivity, IEEE Transactions on}, 
title={Ultrasensitive TES Bolometers for Space-Based FIR Astronomy}, 
year={2011}, 
month={June}, 
volume={21}, 
number={3}, 
pages={188-191}, 
doi={10.1109/TASC.2010.2089585}, 
ISSN={1051-8223}
}

@article{Otto2013,
  author={Ernst Otto and Mikhail Tarasov and Paul K Grimes and Artem Chekushkin and Leonid S Kuzmin and Ghassan Yassin},
  title={Optical response of a titanium-based cold-electron bolometer},
  journal={Superconductor Science and Technology},
  volume={26},
  number={8},
  pages={085020},
  url={http://stacks.iop.org/0953-2048/26/i=8/a=085020},
  year={2013}
}

@ARTICLE{Tarasov2011, 
author={Tarasov, M.A. and Kuzmin, L.S. and Edelman, V.S. and Mahashabde, S. and De Bernardis, P.}, 
journal={Applied Superconductivity, IEEE Transactions on}, 
title={Optical Response of a Cold-Electron Bolometer Array Integrated in a 345-GHz Cross-Slot Antenna}, 
year={2011}, 
month={Dec}, 
volume={21}, 
number={6}, 
pages={3635-3639}, 
doi={10.1109/TASC.2011.2169793}, 
ISSN={1051-8223}
}

@article{Karasik2011,
   author = {Karasik, Boris S. and Cantor, Robin},
   title = {Demonstration of high optical sensitivity in far-infrared hot-electron bolometer},
   journal = {Applied Physics Letters},
   year = {2011},
   volume = {98},
   number = {19},
   url = {http://scitation.aip.org/content/aip/journal/apl/98/19/10.1063/1.3589367}
}

@article{Schmidt2005,
   author = {Schmidt, D. R. and Lehnert, K. W. and Clark, A. M. and Duncan, W. D. and Irwin, K. D. and Miller, N. and Ullom, J. N.},
   title = {A superconductor–insulator–normal metal bolometer with microwave readout suitable for large-format arrays},
   journal = {Applied Physics Letters},
   year = {2005},
   volume = {86},
   number = {5},
   url = {http://scitation.aip.org/content/aip/journal/apl/86/5/10.1063/1.1855411}
}

@article{Muhonen2011,
   author = {Muhonen, J. T. and Prest, M. J. and Prunnila, M. and Gunnarsson, D. and Shah, V. A. and Dobbie, A. and Myronov, M. and Morris, R. J. H. and Whall, T. E. and Parker, E. H. C. and Leadley, D. R.},
   title = {Strain dependence of electron-phonon energy loss rate in many-valley semiconductors},
   journal = {Applied Physics Letters},
   year = {2011},
   volume = {98},
   number = {18}, 
   url = {http://scitation.aip.org/content/aip/journal/apl/98/18/10.1063/1.3579524} 
}

