@article{Brien2014,
	author = {Brien, T. L. R. and others},
	title = {A strained silicon cold electron bolometer using Schottky contacts},
	journal = {Applied Physics Letters},
	year = {2014},
	volume = {105},
	number = {4},
	pages = {043509}
}
@article{Golubev2001,
   author = {Golubev, D. and Kuzmin, L. S.},
   title = {Nonequilibrium theory of a hot-electron bolometer with normal 
		metal-insulator-superconductor tunnel junction},
   journal = {Journal of Applied Physics},
   year = {2001},
   volume = {89},
   number = {11}, 
   pages = {6464--6472},
   doi = {10.1063/1.1351002} 
}
@inproceedings{Kuzmin1998,
	author = {Kuzmin, Leonid S. and Devyatov, Igor A. and Golubev, D.},
	title = {Cold-electron bolometer with electronic microrefrigeration and general noise analysis},
	booktitle = {Proc. SPIE},
	volume = {3465},
	pages = {193--199},
	year = {1998},
	doi = {10.1117/12.331165}
}
@article{Nahum1993, 
	author={Nahum, M. and Richards, P. L. and Mears, C. A.}, 
	journal={Applied Superconductivity, IEEE Transactions on}, 
	title={Design analysis of a novel hot-electron microbolometer}, 
	year={1993},  
	volume={3}, 
	number={1}, 
	pages={2124--2127}
}
@article{Nahum1994,
	author = {Nahum, M. and Eiles, T. M. and Martinis, John M.},
	title = {Electronic microrefrigerator based on a normal-insulator-superconductor tunnel junction},
	journal = {Applied Physics Letters},
	year = {1994},
	volume = {65},
	number = {24},
	pages = {3123--3125}
}
@article{Muhonen2011,
	author = {Muhonen, J. T. and others},
	title = {Strain dependence of electron-phonon energy loss rate in many-valley
		 semiconductors},
	journal = {Applied Physics Letters},
	year = {2011},
	volume = {98},
	number = {18}, 
	pages = {182103}
}
@article{Otto2013,
	author={Otto, E. and Tarasov, M. and Grimes, P. K. and Chekushkin A. and 
		Kuzmin, L. S. and Yassin, G.},
	title={Optical response of a titanium-based cold-electron bolometer},
	year={2013},
	journal={Superconductor Science and Technology},
	volume={26},
	number={8},
	pages={085020}
}
@article{Prest2011,
	author = {Prest, M. J. and others},
	title = {Strain enhanced electron cooling in a degenerately doped 
		semiconductor},
	journal = {Applied Physics Letters},
	year = {2011},
	volume = {99},
	number = {25}
}
@article{Savin2001,
	author = {Savin, A. M. and Prunnila, M. and Kivinen, P. P. and Pekola, J. P. and Ahopelto, J. and Manninen, A. J.},
	title = {Efficient electronic cooling in heavily doped silicon by quasiparticle tunneling},
	journal = {Applied Physics Letters},
	year = {2001},
	volume = {79},
	number = {10},
	pages = {1471--1473}
}
@article{Tarasov2011, 
	author={Tarasov, M. A. and Kuzmin, L. S. and Edelman, V. S. and 
		Mahashabde, S. and de Bernardis, P.}, 
	journal={Applied Superconductivity, IEEE Transactions on}, 
	title={Optical Response of a Cold-Electron Bolometer Array Integrated in a 345-GHz Cross-Slot Antenna}, 
	year={2011},
	volume={21}, 
	number={6}, 
	pages={3635--3639}, 
}
