@article{Nahum94,
author = {M. Nahum and T. M. Eiles and John M. Martinis},
collaboration = {},
title = {Electronic microrefrigerator based on a normal-insulator-superconductor tunnel junction},
publisher = {AIP},
year = {1994},
journal = {Applied Physics Letters},
volume = {65},
number = {24},
pages = {3123-3125},
keywords = {SUPERCONDUCTING JUNCTIONS; SUPERCONDUCTING DEVICES; REFRIGERATORS; ELECTRONIC STRUCTURE; TUNNELING; ELECTRON TEMPERATURE; FERMI LEVEL; ELECTRONPHONON COUPLING; DISTRIBUTION FUNCTIONS; FERMI STATISTICS; NONEQUILIBRIUM},
url = {http://link.aip.org/link/?APL/65/3123/1},
doi = {10.1063/1.112456}
}

@article{Leivo96,
author = {M. M. Leivo and J. P. Pekola and D. V. Averin},
collaboration = {},
title = {Efficient Peltier refrigeration by a pair of normal metal/insulator/superconductor junctions},
publisher = {AIP},
year = {1996},
journal = {Applied Physics Letters},
volume = {68},
number = {14},
pages = {1996-1998},
keywords = {DESIGN; PELTIER EFFECT; REFRIGERATORS; SUPERCONDUCTING DEVICES; SUPERCONDUCTING JUNCTIONS},
url = {http://link.aip.org/link/?APL/68/1996/1},
doi = {10.1063/1.115651}
}

@article{Pekola04,
author = {Jukka Pekola and Robert Schoelkopf and Joel Ullom},
collaboration = {},
title = {Cryogenics on a Chip},
publisher = {AIP},
year = {2004},
journal = {Physics Today},
volume = {57},
number = {5},
pages = {41-47},
url = {http://link.aip.org/link/?PTO/57/41/1},
doi = {10.1063/1.1768673}
}

@article{Fisher99,
author = {P. A. Fisher and J. N. Ullom and M. Nahum},
collaboration = {},
title = {High-power on-chip microrefrigerator based on a normal- metal/insulator/superconductor tunnel junction},
publisher = {AIP},
year = {1999},
journal = {Applied Physics Letters},
volume = {74},
number = {18},
pages = {2705-2707},
keywords = {superconducting junction devices; low-temperature techniques; refrigeration; electron-phonon interactions},
url = {http://link.aip.org/link/?APL/74/2705/1},
doi = {10.1063/1.123943}
}

@article{Giazotto06,
  title = {Opportunities for mesoscopics in thermometry and refrigeration: Physics and applications},
  author = {Giazotto, Francesco and Heikkil\"a, Tero T. and Luukanen, Arttu and Savin, Alexander M. and Pekola, Jukka P.},
  journal = {Rev. Mod. Phys.},
  volume = {78},
  issue = {1},
  pages = {217--274},
  year = {2006},
  month = {Mar},
  doi = {10.1103/RevModPhys.78.217},
  url = {http://link.aps.org/doi/10.1103/RevModPhys.78.217},
  publisher = {American Physical Society}
}

@article{Savin01,
author = {A. M. Savin and M. Prunnila and P. P. Kivinen and J. P. Pekola, J. Ahopelto and A. J. Manninen},
collaboration = {},
title = {Efficient electronic cooling in heavily doped silicon by quasiparticle tunneling},
publisher = {AIP},
year = {2001},
journal = {Applied Physics Letters},
volume = {79},
number = {10},
pages = {1471-1473},
keywords = {silicon; elemental semiconductors; heavily doped semiconductors; quasiparticles; tunnelling; cooling; superconductor-semiconductor boundaries; Schottky effect; silicon-on-insulator; silicon compounds; aluminium; type I superconductors; superconducting junction devices; superconductive tunnelling},
url = {http://link.aip.org/link/?APL/79/1471/1},
doi = {10.1063/1.1399313}
}

@article{Nahum93,
author = {M. Nahum and John M. Martinis},
collaboration = {},
title = {Ultrasensitive-hot-electron microbolometer},
publisher = {AIP},
year = {1993},
journal = {Applied Physics Letters},
volume = {63},
number = {22},
pages = {3075-3077},
keywords = {MICROWAVE RADIATION; INFRARED RADIATION; BOLOMETERS; SUPERCONDUCTING DEVICES; SUPERCONDUCTING JUNCTIONS; SENSITIVITY; TUNNELING; HOT ELECTRONS},
url = {http://link.aip.org/link/?APL/63/3075/1},
doi = {10.1063/1.110237}
}

@unpublished{Richardson-BullockUP,
author = {J. S. Richardson-Bullock and M. J. Prest and V. A. Shah and T. E. Whall and M. Myronov and E. H. C. Parker and D. R. Leadley},
title = {Electron cooling using Schottky tunnelling contacts},
note = {Unpublished}
}

@unpublished{BrienUP,
author = {Tom Brien and Peter Barry and M. J. Prest and P. Mauskopf},
title = {The Silicon Cold Electron Bolometer},
note = {Unpublished}
}

@article{Golubev01,
author = {Dmitri Golubev and Leonid Kuzmin},
collaboration = {},
title = {Nonequilibrium theory of a hot-electron bolometer with normal metal-insulator-superconductor tunnel junction},
publisher = {AIP},
year = {2001},
journal = {Journal of Applied Physics},
volume = {89},
number = {11},
pages = {6464-6472},
keywords = {heat transfer; shot noise; bolometers; hot carriers; superconducting device noise; superconducting junction devices; thermometers},
url = {http://link.aip.org/link/?JAP/89/6464/1},
doi = {10.1063/1.1351002}
}
